@inproceedings{Marlin,
  title={Marlin: Preprocessing zkSNARKs with universal and updatable SRS},
  author={Chiesa, Alessandro and Hu, Yuncong and Maller, Mary and Mishra, Pratyush and Vesely, Noah and Ward, Nicholas},
  booktitle={Advances in Cryptology--EUROCRYPT 2020: 39th Annual International Conference on the Theory and Applications of Cryptographic Techniques, Zagreb, Croatia, May 10--14, 2020, Proceedings, Part I 39},
  pages={738--768},
  year={2020},
  organization={Springer}
}

% @online{addzk,
%     title        = {Adding zero knowledge to Plonk-Halo,
%     author       = {Daniel Lubarov},
%     url          = {https://mirprotocol.org/blog/Adding-zero-knowledge-to-Plonk-Halo},
% }

@article{Plonk,
  title={Plonk: Permutations over lagrange-bases for oecumenical noninteractive arguments of knowledge},
  author={Gabizon, Ariel and Williamson, Zachary J and Ciobotaru, Oana},
  journal={Cryptology ePrint Archive},
  year={2019}
}